8583a193aa7b3c60911b0a0399dd936b